// Provided Sources
@article{brakewood2018literature,
  title={A literature review of the passenger benefits of real-time transit information},
  author={Brakewood, Candace and Watkins, Kari},
  journal={Transport Reviews},
  pages={1--30},
  year={2018},
  publisher={Taylor \& Francis}
}
@incollection{ksontini2016building,
  title={Building a Realistic Data Environment for Multiagent Mobility Simulation},
  author={Ksontini, Feirouz and Zargayouna, Mahdi and Scemama, G{\'e}rard and Leroy, Bertrand},
  booktitle={Agent and Multi-Agent Systems: Technology and Applications},
  pages={57--67},
  year={2016},
  publisher={Springer}
}
@incollection{mastio2015towards,
  title={Towards a distributed multiagent travel simulation},
  author={Mastio, Matthieu and Zargayouna, Mahdi and Rana, Omer},
  booktitle={Agent and Multi-Agent Systems: Technologies and Applications},
  pages={15--25},
  year={2015},
  publisher={Springer}
}
@inproceedings{zargayouna2013agent,
  title={Agent-Based Simulator for Travelers Multimodal Mobility.},
  author={Zargayouna, Mahdi and Zeddini, Besma and Scemama, G{\'e}rard and Othman, Amine},
  booktitle={KES-AMSTA},
  pages={81--90},
  year={2013},
  organization={Citeseer}
}